@techreport{DepartmentofPhysics2019,
author = {{Department of Physics}},
institution = {University of Oslo},
title = {{Project 1 - Computational Physics I FYS3150/FYS4150}},
year = {2019}
}
